@article{KaiserGSVPJU17,
  author    = {Lukasz Kaiser and
               Aidan N. Gomez and
               Noam Shazeer and
               Ashish Vaswani and
               Niki Parmar and
               Llion Jones and
               Jakob Uszkoreit},
  title     = {One Model To Learn Them All},
  journal   = {CoRR},
  volume    = {abs/1706.05137},
  year      = {2017},
  url       = {http://arxiv.org/abs/1706.05137},
  archivePrefix = {arXiv},
  eprint    = {1706.05137},
  timestamp = {Mon, 03 Jul 2017 13:29:02 +0200},
  biburl    = {https://dblp.org/rec/bib/journals/corr/KaiserGSVPJU17},
  bibsource = {dblp computer science bibliography, https://dblp.org}
}

@article{ahmad2017unsupervised,
  title={Unsupervised real-time anomaly detection for streaming data},
  author={Ahmad, Subutai and Lavin, Alexander and Purdy, Scott and Agha, Zuha},
  journal={Neurocomputing},
  volume={262},
  pages={134--147},
  year={2017},
  publisher={Elsevier}
}
@Manual{MLpatterns,
  author = {Ali Eslami},    
  note = {Available at \url{http://arkitus.com/patterns-for-research-in-machine-learning}. This article was main motivation structure the infrastructure of research. Further readings in this article was used to finalize the research infrastructure.}
}
@Manual{Software2,
  author = {Andrej karpathy},    
  note = {Available at \url{https://medium.com/@karpathy/software-2-0-a64152b37c35}. This article was main motivation structure the infrastructure of research. Further readings in this article was used to finalize the research infrastructure.}
}

@INPROCEEDINGS{NAB, 
author={A. Lavin and S. Ahmad}, 
booktitle={2015 IEEE 14th International Conference on Machine Learning and Applications (ICMLA)}, 
title={Evaluating Real-Time Anomaly Detection Algorithms -- The Numenta Anomaly Benchmark}, 
year={2015}, 
volume={}, 
number={}, 
pages={38-44}, 
keywords={public domain software;real-time systems;security of data;time series;real-time anomaly detection algorithms;Numenta anomaly benchmark;data streaming;time-series data;NAB;open-source tools;statistics;commercially-used algorithms;Detectors;Real-time systems;Benchmark testing;Measurement;Detection algorithms;Standards;Algorithm design and analysis;anomaly detection;time-series data;benchmarks;streaming data}, 
doi={10.1109/ICMLA.2015.141}, 
ISSN={}, 
month={Dec},}

@proceedings{DBLP:conf/iconas/2013,
  editor    = {Pedro M. Ferreira},
  title     = {3rd {IFAC} International Conference on Intelligent Control and Automation
               Science, {ICONS} 2013, Sichuan, Chengdu, China, September 2-4, 2013},
  publisher = {International Federation of Automatic Control},
  year      = {2013},
  url       = {http://www.ifac-papersonline.net/Intelligent\_Control\_and\_Automation\_Science/3rd\_IFAC\_International\_Conference\_on\_Intelligent\_Control\_and\_Automation\_Science\_\_2013\_/index.html},
  isbn      = {978-3-902823-45-8},
  timestamp = {Fri, 28 Nov 2014 14:19:28 +0100},
  biburl    = {https://dblp.org/rec/bib/conf/iconas/2013},
  bibsource = {dblp computer science bibliography, https://dblp.org}
}

@proceedings{stackedLstmFirst,
  title     = {23rd European Symposium on Artificial Neural Networks, {ESANN} 2015,
               Bruges, Belgium, April 22-24, 2015},
  year      = {2015},
  url       = {https://www.elen.ucl.ac.be/esann/proceedings/papers.php?ann=2015},
  timestamp = {Tue, 06 Nov 2018 17:01:10 +0100},
  biburl    = {https://dblp.org/rec/bib/conf/esann/2015},
  bibsource = {dblp computer science bibliography, https://dblp.org}
}

@proceedings{stackedLstmSecond,
  editor    = {Sayan Ranu and
               Niloy Ganguly and
               Raghu Ramakrishnan and
               Sunita Sarawagi and
               Shourya Roy},
  title     = {Proceedings of the {ACM} India Joint International Conference on Data
               Science and Management of Data, {COMAD/CODS} 2018, Goa, India, January
               11-13, 2018},
  publisher = {{ACM}},
  year      = {2018},
  url       = {https://doi.org/10.1145/3152494},
  doi       = {10.1145/3152494},
  timestamp = {Tue, 06 Nov 2018 16:58:31 +0100},
  biburl    = {https://dblp.org/rec/bib/conf/comad/2018},
  bibsource = {dblp computer science bibliography, https://dblp.org}
}


@proceedings{DBLP:conf/sdm/2017,
  editor    = {Nitesh Chawla and
               Wei Wang},
  title     = {Proceedings of the 2017 {SIAM} International Conference on Data Mining,
               Houston, Texas, USA, April 27-29, 2017},
  publisher = {{SIAM}},
  year      = {2017},
  url       = {https://doi.org/10.1137/1.9781611974973},
  doi       = {10.1137/1.9781611974973},
  isbn      = {978-1-61197-497-3},
  timestamp = {Wed, 16 Aug 2017 16:05:35 +0200},
  biburl    = {https://dblp.org/rec/bib/conf/sdm/2017},
  bibsource = {dblp computer science bibliography, https://dblp.org}
}

@proceedings{DBLP:conf/icml/2016,
  editor    = {Maria{-}Florina Balcan and
               Kilian Q. Weinberger},
  title     = {Proceedings of the 33nd International Conference on Machine Learning,
               {ICML} 2016, New York City, NY, USA, June 19-24, 2016},
  series    = {{JMLR} Workshop and Conference Proceedings},
  volume    = {48},
  publisher = {JMLR.org},
  year      = {2016},
  url       = {http://jmlr.org/proceedings/papers/v48/},
  timestamp = {Tue, 12 Jul 2016 21:51:16 +0200},
  biburl    = {https://dblp.org/rec/bib/conf/icml/2016},
  bibsource = {dblp computer science bibliography, https://dblp.org}
}

@article{DBLP:journals/corr/abs-1708-03665,
  author    = {Dominique T. Shipmon and
               Jason M. Gurevitch and
               Paolo M. Piselli and
               Stephen T. Edwards},
  title     = {Time Series Anomaly Detection; Detection of anomalous drops with limited
               features and sparse examples in noisy highly periodic data},
  journal   = {CoRR},
  volume    = {abs/1708.03665},
  year      = {2017},
  url       = {http://arxiv.org/abs/1708.03665},
  archivePrefix = {arXiv},
  eprint    = {1708.03665},
  timestamp = {Mon, 13 Aug 2018 16:48:09 +0200},
  biburl    = {https://dblp.org/rec/bib/journals/corr/abs-1708-03665},
  bibsource = {dblp computer science bibliography, https://dblp.org}
}



































